<?xml version="1.0" encoding="UTF-8"?><collection xmlns="http://www.loc.gov/MARC21/slim"><record><leader>00392nam--2200145-i-4500</leader><controlfield tag="001">000040824</controlfield><controlfield tag="002">20161230</controlfield><controlfield tag="005">20161230201042</controlfield><controlfield tag="008">060222s1000------------r-----000-0-eng-d</controlfield><datafield ind1=" " ind2=" " tag="080"><subfield code="a">517.982.2</subfield></datafield><datafield ind1=" " ind2=" " tag="100"><subfield code="a">Schwartz,Hans-ulrich</subfield></datafield><datafield ind1=" " ind2=" " tag="245"><subfield code="a">Banach lattices and operators</subfield></datafield><datafield ind1=" " ind2=" " tag="260"><subfield code="a">Leipzig,Bsb B.G.Taubner Verlagsgesellschaft, 1984. 208 P</subfield></datafield><datafield ind1=" " ind2=" " tag="490"><subfield code="a">Teubner-texte Zur Math</subfield></datafield><datafield ind1=" " ind2=" " tag="852"><subfield code="a">70329</subfield></datafield></record></collection>